@article{mifflin:semismooth,
    author    = "R. Mifflin",
    title     = "Semismooth and semiconvex functions in constrained
	         optimization",
    journal   = "Siam Journal on Control",
    year      = "1977",
    volume    = "15",
    pages     = "957--972",
    annote    = "{This is the first appearance in the literature of the
                  concept of a semismooth function.  Semismooth functions 
                  are closed under addition and composition, and also 
                  guarantee the local convergence of nonsmooth 
                  generalizations of Newton's method.}"
 }